% CP-VTON
@inproceedings{CP-VTON,
	title={Toward Characteristic-Preserving Image-based Virtual Try-On Network},
	author={Wang, Bochao and Zheng, Huabin and Liang, Xiaodan and Chen, Yimin and Lin, Liang},
	booktitle={Proceedings of the European Conference on Computer Vision (ECCV)},
	pages={589--604},
	year={2018}
}

% CP-VTON+
@InProceedings{CP-VTON+,
	title={CP-VTON+: Clothing Shape and Texture Preserving Image-Based Virtual Try-On},
	author={Minar, Matiur Rahman and Thai Thanh Tuan and Ahn, Heejune and Rosin, Paul and Lai, Yu-Kun},
	booktitle = {The IEEE/CVF Conference on Computer Vision and Pattern Recognition (CVPR) Workshops},
	month = {June},
	year = {2020}
}

% Segmentation Full Body TikTok Dancing Dataset
@misc{tik_tok_dataset,
  title = {Segmentation Full Body TikTok Dancing Dataset},
  author ={Kucev Roman},
  howpublished = {\url{https://www.kaggle.com/datasets/tapakah68/segmentation-full-body-tiktok-dancing-dataset}},
  note = {Accessed: 2023-5-1}
}

% Dress-code
@inproceedings{dress-code,
  title={{Dress Code: High-Resolution Multi-Category Virtual Try-On}},
  author={Morelli, Davide and Fincato, Matteo and Cornia, Marcella and Landi, Federico and Cesari, Fabio and Cucchiara, Rita},
  booktitle={Proceedings of the European Conference on Computer Vision},
  year={2022}
}

@INPROCEEDINGS{dual-branch,
  author={Fenocchi, Emanuele and Morelli, Davide and Cornia, Marcella and Baraldi, Lorenzo and Cesari, Fabio and Cucchiara, Rita},
  booktitle={2022 IEEE/CVF Conference on Computer Vision and Pattern Recognition Workshops (CVPRW)}, 
  title={Dual-Branch Collaborative Transformer for Virtual Try-On}, 
  year={2022},
  volume={},
  number={},
  pages={2246-2250},
  doi={10.1109/CVPRW56347.2022.00246}
}

@InProceedings{u-net,
author="Ronneberger, Olaf
and Fischer, Philipp
and Brox, Thomas",
editor="Navab, Nassir
and Hornegger, Joachim
and Wells, William M.
and Frangi, Alejandro F.",
title="U-Net: Convolutional Networks for Biomedical Image Segmentation",
booktitle="Medical Image Computing and Computer-Assisted Intervention -- MICCAI 2015",
year="2015",
publisher="Springer International Publishing",
address="Cham",
pages="234--241",
isbn="978-3-319-24574-4"
}

@misc{detectron2,
  author =       {Yuxin Wu and Alexander Kirillov and Francisco Massa and
                  Wan-Yen Lo and Ross Girshick},
  title =        {Detectron2},
  howpublished = {\url{https://github.com/facebookresearch/detectron2}},
  year =         {2019}
}

@misc{viton,
  author =       {Xintong Han Zuxuan Wu Zhe Wu Ruichi Yu Larry S. Davis},
  title =        {VITON: An Image-based Virtual Try-on Network},
  howpublished = {\url{https://arxiv.org/abs/1711.08447}},
  year =         {2018}
}

@misc{tile,
  author =       {lllyasviel},
  title =        {Controlnet - v1.1 - Tile Version },
  howpublished = {\url{https://huggingface.co/lllyasviel/control_v11f1e_sd15_tile}},
  year =         {2023}
}


@misc{li2019selfcorrection,
      title={Self-Correction for Human Parsing}, 
      author={Peike Li and Yunqiu Xu and Yunchao Wei and Yi Yang},
      year={2019},
      eprint={1910.09777},
      archivePrefix={arXiv},
      primaryClass={cs.CV}
}

@article{openpose,
  author = {Z. {Cao} and G. {Hidalgo Martinez} and T. {Simon} and S. {Wei} and Y. A. {Sheikh}},
  journal = {IEEE Transactions on Pattern Analysis and Machine Intelligence},
  title = {OpenPose: Realtime Multi-Person 2D Pose Estimation using Part Affinity Fields},
  year = {2019}
}

@article{CIT,
  title={Cloth Interactive Transformer for Virtual Try-On},
  author={Ren, Bin and Tang, Hao and Meng, Fanyang and Ding, Runwei and Shao, Ling and Torr, Philip HS and Sebe, Nicu},
  journal={arXiv preprint arXiv:2104.05519},
  year={2021}
}

@article{controlnet,
  title={Adding Conditional Control to Text-to-Image Diffusion Models},
  author={Lvmin Zhang Anyi Rao Maneesh Agrawala},
  journal={arXiv preprint arXiv:2302.05543},
  year={2023}
}

@INPROCEEDINGS{stree2shop,
  author={Kiapour, M. Hadi and Han, Xufeng and Lazebnik, Svetlana and Berg, Alexander C. and Berg, Tamara L.},
  booktitle={2015 IEEE International Conference on Computer Vision (ICCV)}, 
  title={Where to Buy It: Matching Street Clothing Photos in Online Shops}, 
  year={2015},
  volume={},
  number={},
  pages={3343-3351},
  doi={10.1109/ICCV.2015.382}}

@misc{wang2017clothing,
      title={Clothing Retrieval with Visual Attention Model}, 
      author={Zhonghao Wang and Yujun Gu and Ya Zhang and Jun Zhou and Xiao Gu},
      year={2017},
      eprint={1710.11446},
      archivePrefix={arXiv},
      primaryClass={cs.CV}
}